
@article{Triangulation,
  author  = {Lamot, M., Zalik,B.}, 
  title   = {An Overview of Triangulation Algorithms for Simple Polygons},
  journal = {Faculty of Electrical Engineering and Computer Sciences University of Maribor},
  year    = 2000,
  pages   = {1-6},
}

@book{ComputerGraphics,
  author    = {Eck,J.}, 
  title     = {Introduction to Computer Graphics},
  publisher = {Department of Mathematics and Computer Science, Hobart and William Smith Colleges},
  year      = 2018,
  series    = {1.2},
  address   = {Geneva, NY},
  month     = 1
}

@book{SpaceWar,
  author    = {Bellis, M.}, 
  title     = {The History of Spacewar},
  publisher = {ThoughtCo.},
  year      = 2017,
  address   = {Broadway, New York, NY},
  month     = 6,
  url       = https://www.thoughtco.com/history-of-spacewar-1992412
}

@book{2DGraphics,
  author    = {Rimon, E.}, 
  title     = {Digital Media-A Problem-solving Approach for Computer Graphics},
  publisher = {Springer},
  year      = 2014,
  address   = {Berlin, Germany},
  edition     = 1,
  isbn      ={978-3-319-05137-6},
}

@book{VoronoiD,
  author    = {Dorbin, A.}, 
  title     = {A review of properties and variations of Voronoi diagrams},
  publisher = {Whitman College},
  year      = 2005,
  address   = {Walla Walla, Washington},
}
=======
@book{EarClipping,
    author = {Eberly D.},
    title = {Triangulation by Ear Clipping},
    publisher={Creative Commons},
    year = {2015},
    address={Redmond WA 98052},
    url=https://www.geometrictools.com/Documentation/TriangulationByEarClipping.pdf
}
@book{Theorem,
    author ={Subhash S.},
    title ={Polygon Triangulation},
    publisher={Computer Science UC Santa Barbara},
    year={n.d.},
    address={UC Santa Barbara},
    url= https://www.cs.ucsb.edu/~suri/cs235/Triangulation.pdf
}
@misc{relatedProject,
 author ={Narkhee A. \& Manocha D.},
 title = {Fast Polygon Triangulation Based on Seidel's Algorithm},
 publisher ={Department of Computer Science, University of North Carolina},
 address={Computer Science, University of North Carolina at Chapel Hill},
 url=http://gamma.cs.unc.edu/SEIDEL/
 }
 
 @book{TriangulationApproaches,
 author={Varshosaz M., Helali H., Shojaee D.},
 title = {The Methods of Triangulation},
 publisher={Geospatial World},
 year={2009},
 month={1},
 date={9},
 url=https://www.geospatialworld.net/article/the-methods-of-triangulation/}
 }

@misc{ TriangulationsUnknown,
 title = {{Triangulations}},
 autor = {Teacher from Max Planck Institut Informatik},
 url = {https://resources.mpi-inf.mpg.de/departments/d1/teaching/ws09_10/CGGC/Notes/Triangulations.pdf}
}
